<?xml version="1.0" encoding="UTF-8"?><collection xmlns="http://www.loc.gov/MARC21/slim"><record><leader>00434nam--2200133-i-4500</leader><controlfield tag="001">000044177</controlfield><controlfield tag="002">20161230</controlfield><controlfield tag="005">20161230201044</controlfield><controlfield tag="008">060222s1000------------r-----000-0-eng-d</controlfield><datafield ind1=" " ind2=" " tag="080"><subfield code="a">612.215:621.039.8:061.3</subfield></datafield><datafield ind1=" " ind2=" " tag="245"><subfield code="a">Pulmonary investigation with radionuclides. first annual nuclear medicine seminar</subfield></datafield><datafield ind1=" " ind2=" " tag="260"><subfield code="a">Springfield, Ill., Charles C.Thomas, Publ., 1970, Xvii+371p</subfield></datafield><datafield ind1=" " ind2=" " tag="700"><subfield code="a">Gilson,Albertj.Andsmoak,Williamm</subfield></datafield><datafield ind1=" " ind2=" " tag="852"><subfield code="a">37101</subfield></datafield></record></collection>